%https://dblp.uni-trier.de/ f√ºr DOIs und Paper Informationen


@book{palladio17,
title = {Modeling and simulating software architectures : the Palladio approach},
editor = {Reussner, Ralf [HerausgeberIn] and Becker, Steffen [HerausgeberIn] and Happe, Jens [HerausgeberIn] and Heinrich, Robert [HerausgeberIn] and Koziolek, Anne [HerausgeberIn] and Koziolek, Heiko [HerausgeberIn] and Max Kramer and Krogmann, Klaus [HerausgeberIn]},
address = {Cambridge, Massachusetts},
publisher = {MIT Press},
year = {[2016]}
}

@article{simucom,
title = "The Palladio component model for model-driven performance prediction",
journal = "Journal of Systems and Software",
volume = "82",
number = "1",
pages = "3 - 22",
year = "2009",
note = "Special Issue: Software Performance - Modeling and Analysis",
issn = "0164-1212",
doi = "https://doi.org/10.1016/j.jss.2008.03.066",
url = "http://www.sciencedirect.com/science/article/pii/S0164121208001015",
author = "Steffen Becker and Heiko Koziolek and Ralf Reussner",
keywords = "Component-based software engineering, Software architecture, Performance prediction"
}

@misc{Chandy2006,
  author = {Chandy, Mani K.},
  publisher = {Gartner Application Integration and Web Services Summit 2006},
  title = {Event-Driven Applications: Costs, Benefits and Design Approaches},
  year = 2006
}



@book{MDSD,
title = {Modellgetriebene Softwareentwicklung : Techniken, Engineering, Management},
editor = {Stahl, Thomas and Bettin, Jorn},
address = {Heidelberg},
publisher = {dpunkt-Verl.},
year = {2007}
}

@mastersthesis{Rathfelder2013,
author = {Rathfelder, C},
title = {{Modelling Event-Based Interactions in Component-Based Architectures for Quantitative System Evaluation}},
school = {Karlsruhe Institute of Technology},
year = {2013}
}

@article{Kounev2009,
author = {Kounev, Samuel and Sachs, Kai},
doi = {10.1524/itit.2009.0550},
journal = {it - Information Technology},
pages = {262--269},
title = {{Benchmarking and Performance Modeling of Event-Based SystemsModellierung und Bewertung von Ereignis-basierten Systemen}},
year = {2009}
}

@article{Liu2005,
author = {Yan Liu and Ian Gorton},
title = {Performance Prediction of {J2EE} Applications Using Messaging Protocols},
booktitle = {Component-Based Software Engineering, 8th International Symposium, {CBSE} 2005, St. Louis, MO, USA, May 14-15, 2005, Proceedings},
pages = {1--16},
year = {2005},
doi = {10.1007/11424529\_1}
}

@article{Sachs2013,
author = {Sachs, Kai and Kounev, Samuel and Buchmann, Alejandro},
doi = {10.1007/s10270-012-0228-1},
journal = {Software and Systems Modeling},
pages = {705--729},
title = {{Performance modeling and analysis of message-oriented event-driven systems}},
year = {2013}
}

@article{Kounev2008,
author = {Kounev, Samuel and Bacon, Jean and Sachs, Kai and Buchmann, Alejandro},
doi = {10.1109/ISORC.2008.51},
journal = {Proceedings - 11th IEEE Symposium on Object/Component/Service-Oriented Real-Time Distributed Computing, ISORC 2008},
pages = {13--22},
title = {{A methodology for performance modeling of distributed event-based systems}},
year = {2008}
}

@article{Carzaniga1998,
author = {Carzaniga, Antonio and {Di Nitto}, Elisabetta and Rosenblum, David S and Wolf, Alexander L},
doi = {10.1145/288408.288413},
journal = {International Software Architecture Workshop, Proceedings, ISAW},
pages = {17--20},
title = {{Issues in supporting event-based architectural styles}},
year = {1998}
}

@book{Kleppe03,
 author = {Kleppe, Anneke G. and Warmer, Jos and Bast, Wim},
 title = {MDA Explained: The Model Driven Architecture: Practice and Promise},
 year = {2003},
 isbn = {032119442X},
 publisher = {Addison-Wesley Longman Publishing Co., Inc.},
 address = {Boston, MA, USA}
} 



@inbook{Curry05,
author = {Curry, Edward},
publisher = {Wiley-Blackwell},
title = {Message-Oriented Middleware},
booktitle = {Middleware for Communications},
chapter = {1},
pages = {1-28},
doi = {10.1002/0470862084.ch1},
year = {2005},
}

@book{Lilja2004,
author = {Lilja, David J.},
publisher = {Cambridge University Press},
title = {{Measuring Computer Performance - A practitioner's guide}},
year = {2004}
}

@article{kafka,
author = {Kreps, Jay and Narkhede, Neha and Rao, Jun},
journal = {ACM SIGMOD Workshop on Networking Meets Databases},
title = {{Kafka: a Distributed Messaging System for Log Processing}},
year = {2011}
}

@article{activeMQ,
author = {Owen, Sean and Anil, Robin},
journal = {Forum American Bar Association},
pages = {1--4},
title = {{Introduction to Apache ActiveMQ}},
year = {2010}
}

@article{amqp,
author = {Behaviour, Broker},
title = {{AMQP 1 . 0 Discussion Paper Broker Behaviour}},
year = {2010}
}

@article{rabbitmq,
author = {Nannoni, Nicolas},
title = {{Message-oriented Middleware for Scalable Data Analytics Architectures}},
year = {2015}
}

@inproceedings{kramer2012b,
  address = {Karlsruhe},
  author = {Max E. Kramer and Zoya Durdik and Michael Hauck and J{\"o}rg Henss and Martin K{\"u}ster and Philipp Merkle and Andreas Rentschler},
  booktitle = {Palladio Days 2012 Proceedings (appeared as technical report)},
  editor = {Steffen Becker and Jens Happe and Anne Koziolek and Ralf Reussner},
  pages = {7--15},
  publisher = {KIT, Faculty of Informatics},
  series = {Karlsruhe Reports in Informatics ; 2012,21},
  tags = {workshop},
  title = {{Extending the Palladio Component Model using Profiles and Stereotypes}},
  url = {http://nbn-resolving.org/urn:nbn:de:swb:90-308043},
  year = {2012}
}


@article{jms,
author = {Hapner, Mark and Burridge, Rich and Sharma, Rahul and Fialli, Joseph and Stout, Kate and Deakin, Nigel},
title = {{Java Message Service v2.0}},
year = {2013}
}


@book{architcturetemplate,
author = {Lehrig, Sebastian Michael},
title = {{Efficiently Conducting Quality-of-Service Analyses by Templating Architectural Knowledge}},
publisher={KIT Scientific Publishing, Karlsruhe},
year={2018}
}

@article{happe,
  author = {Jens Happe and Steffen Becker and Christoph Rathfelder and Holger Friedrich and Ralf H. Reussner},
  title = {Parametric Performance Completions for Model-Driven Performance Prediction},
  journal = {Performance Evaluation (PE)},
  year = {2010},
  volume = {67},
  number = {8},
  pages = {694--716},
  month = {August},
  publisher = {Elsevier},
  url = {http://dx.doi.org/10.1016/j.peva.2009.07.006}
  
}



@ARTICLE{gqm, 
author={V. R. Basili and D. M. Weiss}, 
journal={IEEE Transactions on Software Engineering}, 
title={A Methodology for Collecting Valid Software Engineering Data}, 
year={1984}, 
pages={728-738}, 
doi={10.1109/TSE.1984.5010301}, 
}

@article{time,
author = {Bacon, Jean and Beresford, Alastair R. and Evans, David and Ingram, David and Trigoni, Niki and Guitton, Alexandre and Skordylis, Antonios},
doi = {10.1109/ccnc08.2007.158},
journal = {2008 5th IEEE Consumer Communications and Networking Conference, CCNC 2008},
pages = {687--691},
title = {{TIME: An open platform for capturing, processing and delivering transport-related data}},
year = {2008}
}
@book{Stachowiak1973,
title = {Allgemeine Modelltheorie},
author = {Stachowiak, Herbert},
address = {Wien [u.a.]},
publisher = {Springer},
year = {1973},
isbn = {3-211-81106-0; 0-387-81106-0},
size = {XV, 494 S. : graph. Darst.},
keywords = { ; Model theory ; Modelltheorie / Erkenntnistheorie},
URL = {http://swbplus.bsz-bw.de/bsz003857557cov.htm},
}

@article{Dobbelaere2017,
author = {Dobbelaere, Philippe and Esmaili, Kyumars Sheykh},
doi = {10.1145/3093742.3093908},
title = {{Kafka versus RabbitMQ}},
booktitle = {Proceedings of the 11th International Conference on Distributed and Event-based Systems, DEBS 2017, Barcelona, Spain, June 19-23, 2017},
pages = {227--238},
year = {2017}
}

@online{rabbitconfig,
  author = {Lovisa Johansson},
  title = {RabbitMQ Best Practice},
  url = "https://www.cloudamqp.com/blog/2017-12-29-part1-rabbitmq-best-practice.html",
  date = {2017-12-29}
}

@online{rabbitperf,
  author = {Simon MacMullen},
  title = {RabbitMQ Performance Measurements},
  url = "https://www.rabbitmq.com/blog/2012/04/25/rabbitmq-performance-measurements-part-2/",
  date = {2012-04-25}
}

@online{activemqconfig,
  author = {Apache},
  title = {Performance Tuning},
  url = "https://activemq.apache.org/performance-tuning.html",
  date = {2004}
}

@online{kafkaconfig,
  author = {Jay Kreps},
  title = {Benchmarking Apache Kafka: 2 Million Writes Per Second (On Three Cheap Machines)},
  url = "https://engineering.linkedin.com/kafka/benchmarking-apache-kafka-2-million-writes-second-three-cheap-machines",
  date = {2014-04-27}
}

@article{jmsspec,
author = {Microsystems, Inc. Sun},
keywords = {enterprise javaee jms messaging},
mendeley-groups = {MA},
title = {{Java Message Service, Version 1.0.2 (JMS specification)}},
url = {http://java.sun.com/products/jms},
year = {1998}
}

@article{Eugster03,
 author = {Eugster, Patrick Th. and Felber, Pascal A. and Guerraoui, Rachid and Kermarrec, Anne-Marie},
 title = {The Many Faces of Publish/Subscribe},
 journal = {ACM Comput. Surv.},
 issue_date = {June 2003},
 volume = {35},
 number = {2},
 month = jun,
 year = {2003},
 issn = {0360-0300},
 pages = {114--131},
 numpages = {18},
 url = {http://doi.acm.org/10.1145/857076.857078},
 doi = {10.1145/857076.857078},
 acmid = {857078},
 publisher = {ACM},
 address = {New York, NY, USA},
 keywords = {Distribution, interaction, publish/subscribe},
} 

@book{error,
 author = {Menasce, Daniel A. and Dowdy, Lawrence W. and Almeida, Virgilio A. F.},
 title = {Performance by Design: Computer Capacity Planning By Example},
 year = {2004},
 isbn = {0130906735},
 publisher = {Prentice Hall PTR},
 address = {Upper Saddle River, NJ, USA},
} 
@article{baldoni,
author = {Baldoni, Roberto and Beraldi, Roberto and Tucci-Piergiovanni, Sara and Virgillito, Antonino},
year = {2005},
month = {10},
pages = {1471-1495},
title = {On the modelling of publish/subscribe communication systems},
volume = {17},
journal = {Pract. Exper},
doi = {10.1002/cpe.879}
}